3044 4966
486 1011 658 1089 INDEX
690 1010 1028 1093 ARGUMENTI.

616 1209 901 1221 -——-——-————

4 1310 10 1433 p
92 1398 93 1402 ,
185 1317 296 1395 Status
321 1327 478 1393 Caussae.

188 1468 297 1558 Caput
319 1466 346 1530 l.
394 1465 654 1530 Praemouentur
676 1462 838 1527 nonnulla
861 1463 901 1528 de
923 1463 1055 1550 altiore,
1079 1488 1162 1554 qnae

391 1567 530 1651 dicitur,
554 1576 622 1632 arte
645 1566 770 1632 critica.

221 1679 245 1745 ξ.
265 1678 289 1727 l.
323 1672 482 1727 Wollianae
502 1670 568 1721 artis
587 1671 698 1723 criticae
715 1670 804 1736 imago
821 1670 954 1752 universa.
1239 1681 1332 1732 10..21

220 1761 244 1827 ξ.
261 1761 289 1810 2.
323 1757 376 1808 Via
395 1773 426 1807 ac
443 1755 515 1805 ratio
534 1754 640 1805 altioris
660 1753 727 1805 artis
745 1752 855 1804 criticae
873 1758 947 1803 recte
964 1756 1139 1808 exercendae.
1238 1763 1335 1816 21-24

187 1876 296 1966 Caput
309 1876 353 1940 ll.
400 1874 452 1939 De
469 1873 685 1961 argumentis,
709 1894 793 1960 quae
811 1880 923 1935 contra
941 1871 1164 1940 auctoritatem

391 1975 549 2042 orationis
573 1974 681 2040 lacere
704 1974 870 2060 videntur,
894 1974 1117 2042 confutandis.

293 2086 316 2151 ς.
335 2083 359 2134 3.
394 2082 437 2132 lle
455 2080 509 2132 alio
528 2084 639 2131 auctore
657 2079 823 2146 indagando.
1238 2091 1336 2144 25-ae

290 2168 332 2218 lle
355 2165 520 2234 argumentis
543 2164 579 2215 ad
596 2162 757 2215 Ciceronem
780 2168 917 2217 auctorem
939 2162 1139 2233 reprobandam

380 2246 575 2316 spectantibus.

217 2338 241 2387 Ι.
277 2335 301 2401 §-
318 2332 343 2383 4.
377 2331 419 2381 De
438 2328 556 2379 externis
575 2328 749 2395 argumentis.
789 2373 793 2383 .
1235 2339 1336 2390 26-430

217 2419 258 2469 11.
293 2416 335 2466 lle
353 2414 466 2464 internis
484 2413 658 2478 argumentis.

262 2499 287 2549 5.
322 2496 364 2546 De
384 2495 432 2554 eis,
451 2511 518 2561 qnae
537 2510 569 2544 ex
587 2493 718 2544 orationis
735 2492 816 2544 relius
834 2493 973 2546 historicis
991 2498 1109 2564 repetita
1126 2506 1196 2551 sunt.
1237 2504 1336 2556 30-33

262 2581 287 2630 6.
321 2579 363 2629 De
383 2577 430 2638 eis,
449 2595 517 2645 quae
536 2593 568 2627 ex
585 2577 717 2644 neglectis
736 2577 867 2651 sei-paonis
884 2578 991 2645 legibus
1009 2585 1146 2649 petuntur.
1238 2588 1336 2639 33-37

264 2663 288 2713 7.
323 2663 365 2713 De
383 2659 536 2712 rationibus
553 2659 705 2712 Wollianis
723 2659 835 2711 fraudes
854 2677 885 2711 ex
903 2663 1044 2714 sententiis
1061 2670 1108 2715 aut
1125 2667 1180 2718 elo·

381 2744 489 2796 cutione
506 2742 697 2809 investigandi.
1237 2755 1336 2807 37.ae

221 2088 257 2137 Α.

217 2171 252 2220 Β.

265 2914 289 2962 9.
324 2911 366 2961 De
384 2909 462 2969 locis,
479 2908 527 2959 ubi
543 2909 571 2958 iu
589 2909 742 2961 elocutione
760 2916 854 2963 orator
870 2929 998 2980 peccasse
1018 2914 1125 2965 dicitur.
1235 2918 1335 2969 46-50

249 2993 288 3042 10.
322 2992 364 3042 De
381 2996 492 3042 nostrae
510 2990 641 3042 orationis
660 3009 719 3044 cnm
735 2993 848 3060 reliquis
867 3011 882 3044 a
898 2994 1006 3046 Wollio
1026 2995 1188 3064 impugnatis

388 3073 572 3123 similitudine.
1237 3083 1331 3134 50..51

220 2491 244 2565 ξ.

221 2582 244 2647 ξ.

222 2664 245 2730 ξ.

220 2831 244 2897 ξ.
261 2831 287 2881 8.
321 2829 363 2879 lle
381 2828 460 2888 locis,
478 2844 591 2895 quorum
609 2827 742 2878 sententia
760 2827 893 2880 Cicerone
910 2829 1022 2898 indigna
1039 2836 1158 2900 putatur.
1237 2837 1336 2888 39-46

224 2914 247 2978 ξ.

221 2994 245 3059 ξ.

189 3193 298 3283 Caput
319 3190 381 3258 lll.
427 3190 479 3256 Dc
510 3191 729 3280 argumentis,
769 3216 852 3281 quae
881 3217 942 3282 pro
969 3196 1158 3263 auctoritate

389 3295 547 3361 orationis
569 3308 729 3387 pugnant.

219 3404 243 3471 5.
261 3403 301 3454 11.
335 3404 378 3454 De
396 3402 514 3453 externis
530 3407 651 3455 veterum
668 3404 840 3456 testimoniis.

217 3484 241 3552 ξ.
260 3485 300 3536 12.
334 3486 377 3536 De
393 3485 506 3537 internis
525 3489 698 3553 argumentis.

216 3570 240 3636 §-
258 3567 297 3617 13.
331 3571 374 3621 De
391 3588 461 3624 nexu
478 3569 670 3621 sententiarum
688 3570 773 3636 deque
792 3569 969 3638 dispositione
987 3574 1128 3629 orationis.
