3044 4966
763 221 815 297 26

218 404 428 472 Dccxcvt
451 405 510 494 (42
529 429 569 495 p,
589 405 703 495 coe),
725 406 924 497 compositas
947 429 1002 472 eas
1025 408 1231 497 suspicatur,
1252 410 1356 479 Woe-

218 531 272 576 rro
290 511 316 599 l)
339 506 458 576 deinde
480 509 550 575 veri
572 509 776 575 simillimum
798 519 869 593 est,
900 509 1105 598 conscriptas
1127 537 1183 579 eas
1204 536 1278 581 esse
1300 517 1357 582 ali·

217 623 340 703 quanto
362 620 437 678 ante
459 611 664 696 Ascanium,
686 612 868 701 imperante
889 611 1045 698 Tiberio,
1069 613 1237 683 oemmm
1250 619 1278 707 ²)
1303 619 1357 684 dc·

217 717 318 805 nique
340 717 381 782 ab
403 716 516 804 inepto
537 715 753 785 declamatore
773 714 891 804 primis
913 714 1060 803 Augusti
1082 718 1198 804 aunis,
1227 720 1359 787 circiter

216 829 292 885 ante
314 843 344 883 a.
369 819 412 884 U.
437 818 479 883 (i.
503 817 663 883 DCCXL
690 818 748 906 (u
770 826 845 883 ante
867 816 988 906 Che),
1011 820 1151 910 scriptas
1174 847 1229 889 eas
1251 834 1355 912 putat.

216 922 307 989 Hace
330 946 406 988 vero
428 922 539 986 omnia
560 946 635 988 cum
658 921 752 987 falsis
774 920 910 987 omuino
931 920 1066 988 indiciis
1089 925 1244 991 conclusa
1265 937 1356 1010 suat,

215 1037 284 1091 tum
307 1026 444 1091 nullum.
457 1024 548 1090 aliud
569 1024 691 1089 lrabeat
712 1022 981 1108 tundamentum,
1010 1026 1080 1091 nisi
1101 1025 1137 1092 id
1158 1027 1265 1115 quod,
1293 1026 1356 1097 etsi

214 1154 291 1196 veru
321 1129 564 1196 Ciceronianae·
591 1126 757 1192 orationes
791 1127 867 1194 iiius
901 1150 1073 1195 essenon
1106 1138 1271 1216 poterant.
1291 1129 1356 1195 sibi

213 1230 496 1322 persuadereriai
518 1228 628 1312 docti,
652 1239 767 1297 tamen
789 1231 831 1299 ad
852 1240 1000 1307 aetatem·
1014 1232 1091 1298 fere.
1105 1229 1357 1303 Cimo-auara

214 1334 403 1432 referendas
426 1333 750 1427 aasaiutallexeruut.
794 1332 904 1401 Modo·
918 1333 1029 1422 ipitrrrv
1042 1335 1149 1424 ipsam
1166 1333 1260 1400 iliam
1280 1357 1355 1423 per,

214 1438 402 1502 suasionem
425 1459 539 1503 eornm
561 1437 698 1523 inanem,
714 1459 788 1503 esse
809 1445 907 1525 atque
929 1438 1132 1503 temerariam
1154 1437 1354 1503 demonstra-

213 1540 380 1624 venimus,
410 1539 522 1605 omnia
545 1526 676 1621 statim,
707 1562 791 1628 quse
813 1539 883 1604 sola
905 1563 943 1605 ea
965 1540 1172 1624 nitebantur,
1203 1540 1357 1606 simulet

216 1644 289 1731 ipsa
311 1653 465 1708 corruant
483 1665 620 1707 neeesse
640 1641 715 1706 erit.
761 1642 925 1725 Quocirca
942 1643 1033 1709 illico
1046 1645 1118 1730 jam
1134 1645 1175 1710 ad
1192 1667 1246 1708 eas
1263 1666 1354 1707 caus·

214 1768 267 1810 sas
289 1744 503 1811 transibimus
516 1796 518 1802 a
525 1744 790 1832 percensendus,
823 1766 905 1833 quas
928 1744 1083 1813 Ciceroni
1106 1746 1232 1812 auctori
1254 1746 1354 1825 refra-

212 1848 283 1938 gari
306 1848 367 1915 illi.
379 1857 578 1937 putaverunt
599 1856 696 1937 utque
718 1856 981 1935 perseverarunt.

213 2072 246 2121 B.
287 2072 382 2133 Quare
407 2071 496 2142 parsit
519 2062 710 2142 adjudicanda
734 2056 763 2119 a*
779 2066 911 2119 Cicerone
935 2071 1024 2121 aratia
1050 2078 1145 2121 nostra
1168 2067 1273 2130 uideri,
1300 2070 1354 2121 sss·

717 2176 850 2239 reptatur.
940 2240 944 2249 ὁ

379 2324 600 2392 Particulal.
634 2322 702 2391 Μ.
736 2325 785 2375 De
805 2324 957 2376 externis
977 2325 1191 2393 argumentis
1266 2320 1285 2327 '⁴
1326 2320 1348 2367 ἰ

296 2447 388 2512 luter
417 2445 569 2534 negativa
598 2452 737 2529 autem,
758 2453 796 2508 ut
823 2444 869 2510 ita
896 2444 1023 2531 dicam,
1054 2449 1134 2512 haee
1165 2457 1353 2534 argumenta

211 2550 389 2616 ruoximum
410 2559 609 2623 momentum
632 2562 730 2635 supra
753 2547 896 2613 vidimus
921 2565 996 2614 esse
1017 2572 1150 2632 eorum,
1180 2570 1263 2636 quae
1285 2568 1352 2610 non

211 2660 276 2717 tum
299 2674 340 2718 ex
362 2651 436 2739 ipso
460 2652 603 2739 scripto,
636 2669 742 2738 quam'
761 2675 802 2716 ex
829 2652 905 2717 aliis
927 2652 1132 2716 extrinsecus
1154 2648 1353 2715 testimoniis

210 2754 348 2843 repetita
364 2763 495 2837 essent,
517 2752 596 2817 hinc
614 2752 717 2839 igitur
733 2754 865 2818 initium
885 2753 1064 2840 capiemus.
1078 2791 1118 2800 -
1142 2752 1195 2817 Ac
1210 2751 1353 2840 primum

210 2857 363 2946 quidem,
395 2864 431 2919 ut
458 2857 521 2920 lroc
550 2866 715 2945 repetam,
747 2879 934 2946 quanquam
961 2879 1031 2921 non
1059 2856 1157 2944 plane
1185 2879 1259 2922 esse
1286 2860 1352 2927 τῶν

210 2957 405 3038 ἀδυνάτων,
437 2981 551 3024 omnes
582 2957 787 3047 antiquitatis
820 2968 920 3024 testes
953 2959 993 3023 ab
1025 2959 1160 3026 homine
1190 2959 1353 3026 imitatore

210 3063 406 3130 scholastico
429 3061 584 3149 deceptos
610 3082 702 3146 esse,
735 3060 899 3129 Woorrus
931 3060 979 3149 (p.
1003 3060 1102 3150 xlx)
1132 3062 1265 3146 statuit,
1296 3063 1353 3128 sti·

208 3166 317 3231 mulus
340 3175 448 3230 tamen
471 3164 528 3229 ine
551 3163 715 3229 resedisse
732 3163 888 3231 videtur
878 3188 913 3229 rn
929 3164 1039 3229 animo
1055 3161 1249 3249 renitentis,
1272 3188 1352 3254 quo·

209 3268 296 3333 circa
318 3290 395 3332 mox
417 3248 613 3331 Ciceronem
635 3278 749 3332 censet
762 3267 791 3355 ³)
820 3267 945 3332 dixisse
966 3267 1060 3332 illum
1083 3266 1215 3355 quidem
1236 3291 1351 3354 reapse

208 3369 249 3435 de
270 3368 482 3455 haruspicum
502 3390 678 3456 responso,
702 3391 800 3457 quam
821 3368 1002 3433 orationem
1024 3380 1150 3435 veteres
1172 3369 1350 3457 scriptores

91 3488 94 3491 “
208 3471 360 3552 iaudent,
392 3479 538 3534 nostram
566 3490 645 3535 vero
675 3470 855 3535 orationem
876 3470 1070 3559 posterioria
1093 3471 1223 3539 demum
1239 3472 1350 3554 ,deela-

208 3573 342 3638 matoris
365 3594 459 3655 esse,
493 3570 551 3660 qui
579 3570 671 3639 illam
698 3572 873 3640 variaverit
901 3594 942 3639 ex
968 3597 1072 3663 eaqrre
1093 3598 1168 3640 cum
1196 3574 1350 3642 aliatum

214 3721 493 3733 ...ψῃ-...ὰ

265 3794 290 3866 1)
309 3791 397 3855 Praei.
419 3791 453 3849 ad
472 3809 512 3851 or.
529 3793 654 3855 Marcell.
672 3812 700 3865 p.
719 3792 879 3861 xxxv111;
908 3812 1061 3870 quanquam
1083 3796 1110 3851 ei
1134 3810 1169 3851 na
1194 3812 1265 3866 opus
1283 3796 1350 3869 qui-

209 3882 270 3938 dem
290 3890 348 3939 erat
367 3886 426 3935 ante
444 3879 594 3960 Ascanium
614 3901 659 3938 eas
678 3901 788 3954 ponere,
805 3885 829 3939 ri
845 3884 954 3957 quidam
973 3886 1037 3940 huie
1055 3884 1171 3947 sorusse
1188 3886 1268 3943 uim
1287 3901 1351 3940 rere

209 3970 404 4027 Ciceronianae
427 3970 563 4027 orationes
587 3983 694 4042 praesto
719 3972 803 4028 fuisse
828 3974 932 4028 censuit
956 3973 983 4027 in
1008 3972 1096 4035 Praei.
1116 3974 1152 4033 ad
1170 3984 1276 4033 noscas
1293 3991 1348 4029 orr.

209 4080 235 4133 p
254 4059 377 4115 XXXIX
394 4079 434 4133 sq.

262 4153 291 4220 2)
309 4149 450 4205 Onomast.
474 4147 496 4214 Ι,
521 4167 548 4220 p
566 4150 610 4216 68,
635 4159 691 4207 out.
714 4151 752 4222 1);
783 4146 1004 4220 adpendices,
1028 4112 1127 4211 Gereii
1144 4153 1176 4211 d..
1189 4152 1267 4208 Ram.
1286 4149 1339 4206 niu

211 4237 289 4301 1832
307 4256 335 4309 p
351 4238 415 4297 521
524 4280 529 4299 2
1110 4274 1113 4283 ·

262 4324 343 4395 ΒΗ.
362 4343 443 4397 supra
464 4344 522 4399 pop
542 4324 577 4394 9,
586 4337 640 4407 not
658 4329 694 4394 4)

1506 4074 1520 4117 d
