3044 4966
723 224 775 300 65

176 404 364 498 ubicunque
384 408 479 474 detur
501 410 644 494 occasio,
669 410 877 498 aggreditur,
900 412 935 476 in
958 412 1021 479 hoe
1039 412 1251 478 acerbissime
1268 435 1324 477 ex·

177 513 331 601 agitando
361 537 474 580 omues
504 524 679 579 versantur
710 514 783 599 ejus
814 515 973 604 temporis
1003 516 1186 599 orationes,
1219 540 1256 580 ac
1281 539 1324 580 nc

174 622 291 706 augere
321 619 454 708 quidem
483 619 651 709 eliquanto
680 619 771 684 illius
801 618 881 684 vitia
910 618 1049 684 dicendo
1071 620 1215 688 Tullius·
1233 644 1323 686 vere·

174 726 335 792 cundatur
349 726 389 811 l).
434 724 473 788 In
497 720 618 789 tatibus
642 722 745 811 igitur
766 747 832 789 non
857 724 1103 807 offendendum,
1126 748 1235 814 oeque
1257 749 1324 790 mo·

173 830 225 917 gis
255 830 289 894 in
323 830 406 894 locis
439 827 636 917 quibusdam
667 828 892 916 negligentius
925 829 1122 894 constructis
1153 830 1207 894 vel
1239 839 1325 895 certe

173 955 241 997 non
264 933 361 1021 plane
382 931 539 1021 perfectis
549 933 593 1019 2),
617 932 802 1021 siquidem
826 957 867 999 ex
890 933 939 998 eis
963 932 1153 1021 neutiquam
1177 942 1324 1020 apparet,

175 1035 370 1103 Ciceronem
392 1060 459 1101 non
483 1036 589 1100 fuisse
612 1046 777 1101 auctorem
800 1036 974 1120 orationis,
998 1035 1056 1101 sed
1078 1035 1189 1125 potius
1210 1058 1325 1101 secun·
1356 1112 1361 1118 .

174 1141 251 1207 darm
274 1165 330 1208 eos
353 1166 420 1209 uon
444 1141 548 1207 molto
572 1152 666 1207 autea
689 1142 746 1208 ille
767 1142 1021 1232 praemeditatus
1044 1152 1114 1207 earn
1134 1164 1206 1207 csse
1223 1138 1325 1204 maxi-

173 1269 324 1336 mamque
356 1257 482 1336 partem
515 1270 555 1312 ex
587 1258 733 1335 tempore
767 1248 893 1313 dixisse
923 1245 1065 1313 videtur.
1123 1243 1326 1331 Abjudicare

172 1351 296 1440 qnippe
320 1353 501 1418 orationem
524 1351 677 1418 a'Tullio
700 1376 797 1418 nemo
826 1362 954 1442 poterat
976 1353 1084 1435 ultro,
1118 1350 1185 1413 nisi
1207 1347 1326 1413 Mann-

158 1476 314 1538 ‘neunus,
339 1454 411 1545 qui,
434 1455 552 1545 quovis
576 1457 682 1546 pretio
706 1458 826 1524 su'rnmi
847 1457 1069 1548 praeceptoris
1094 1455 1279 1543 exemplum
1293 1463 1326 1519 ct

174 1558 247 1647 ipse
269 1560 676 1652 imitaturus,'perperam
701 1563 823 1652 scripta
839 1562 943 1628 'ctiam
966 1563 1110 1651 genuina
1134 1560 1326 1626 addubitare

175 1664 304 1752 coepit,
337 1665 428 1731 uuila
462 1666 534 1756 ipse
566 1666 741 1735 Ciceronis
774 1668 892 1733 notitia
925 1666 1126 1734 accuratiore
1157 1664 1327 1743 imbutus,

175 1792 360 1858 quanquam
383 1771 456 1834 hoc·
468 1781 583 1858 postea
606 1771 637 1837 ci
660 1771 800 1859 contigit
822 1773 987 1855 fortunae,
1012 1770 1148 1835 eandem
1168 1777 1204 1831 ut
1220 1767 1327 1835 Woe-

175 1896 267 1959 rrus,
300 1873 524 1962 praejudicata
554 1898 612 1940 sua
636 1876 794 1965 opinione
817 1900 953 1964 prorsus
976 1879 1036 1941 hac
1060 1875 1095 1938 iu
1118 1897 1154 1939 re
1177 1892 1327 1937 occaeca-

176 1987 244 2061 tus,
268 1976 509 2044 defendendam
533 1979 718 2069 susciperet
739 2004 908 2066 caussam,
933 1979 1028 2067 eujus
1049 1979 1169 2045 deinde
1188 1973 1327 2041 auctori·

177 2079 236 2144 tati
258 2080 477 2172 pedissequos
500 2081 565 2148 viri
588 2082 792 2171 doctissimi,
821 2110 961 2176 quorum
983 2085 1082 2150 nimis
1106 2104 1243 2172 magnus
1266 2082 1327 2144 hac

177 2184 215 2249 in
240 2186 435 2275 quaestione
459 2211 618 2255 uumerus
642 2202 723 2274 erat,
746 2193 837 2258 illico
861 2195 1035 2259 obsecutos
1059 2216 1145 2276 esse,
1167 2189 1243 2279 quis
1265 2197 1328 2271 est,

168 2289 235 2378 'qui
249 2290 454 2356 admiretur?
485 2293 611 2360 Verum
629 2297 796 2364 enimvero
810 2323 850 2364 ex
864 2288 973 2363 sobria
990 2297 1090 2362 totius
1105 2316 1240 2360 caussae
1255 2315 1327 2380 per·

176 2393 372 2461 tractatione
395 2407 508 2485 patere
531 2398 689 2486 vidimus,
713 2401 799 2466 nihii
824 2402 946 2467 certius
971 2412 1068 2485 stare,
1093 2423 1190 2489 quarn
1213 2395 1248 2462 in
1271 2417 1328 2458 no·

175 2508 243 2563 stra
262 2501 395 2588 quidem
416 2502 564 2569 oratione
583 2528 703 2571 nomen
724 2506 999 2591 Ciceronianam,
1025 2519 1240 2595 quaecunque
1254 2522 1329 2588 pro·

175 2601 259 2670 latae
292 2616 385 2672 erant
417 2607 638 2694 offensiones,
674 2624 879 2677 evanuerunt
902 2610 1094 2699 diligentius
1122 2605 1327 2694 exploratae,

175 2709 285 2774 omnia
309 2710 459 2797 omnino,
483 2737 566 2801 quae
591 2713 718 2803 aliquid
739 2717 879 2804 probare
903 2724 1053 2804 possent,
1082 2734 1142 2806 pro
1165 2707 1328 2773 Cicerone

157 2802 325 2902 'pugnare
347 2805 657 2901 intelleximus,'ita
681 2820 828 2908 quidem,
852 2831 901 2905 ut,
926 2818 1067 2903 etiamsi,
1098 2812 1251 2881 omnibus
1274 2811 1329 2875 de·

172 2912 250 2980 letis
273 2917 473 2986 testimoniis
498 2924 658 3010 externis,
683 2925 753 2990 sola
776 2925 1010 3011 conjecturat)
1034 2917 1193 2987 orationis
1217 2925 1330 2981 auctor

170 3018 239 3104 jam
263 3024 491 3111 assequendas
516 3027 646 3094 demum
670 3040 770 3113 esset,
794 3054 836 3095 ne
855 3027 1052 3118 sicquidem
1070 3047 1131 3090 nos
1147 3023 1216 3088 ullo
1230 3019 1327 3086 modo

176 3121 216 3188 de
241 3148 309 3190 uuo
333 3127 538 3216 designando
562 3130 726 3199 Cicerone
749 3132 985 3199 dubitaremus.

178 3275 463 3288 -.-—--—-..,

231 3350 256 3422 1)
276 3345 317 3407 Cf.
337 3368 359 3404 c.
372 3350 415 3415 20,
430 3351 460 3424 S
472 3353 515 3419 42,
528 3372 554 3425 p.
566 3354 627 3420 366,
644 3357 691 3412 ubi
703 3359 767 3430 jure
782 3367 873 3413 monet
884 3356 987 3412 Ktorz:
1008 3352 1114 3409 »Wenn
1130 3353 1157 3405 in
1171 3351 1219 3406 der
1231 3348 1327 3406 Schil·

173 3435 277 3509 derung
296 3457 393 3495 oneres
412 3439 537 3497 Redoers
557 3445 690 3502 rieliache
712 3433 947 3519 Chertreibungen
968 3444 1026 3501 sich
1045 3444 1150 3507 finden,
1168 3459 1199 3496 so
1217 3439 1329 3496 beweiet

174 3526 231 3581 dies
250 3528 322 3583 noch
342 3529 425 3596 nicht,
445 3531 507 3587 dass
527 3530 625 3590 Cicero
646 3537 721 3593 nicht
736 3536 879 3594 Veriasser
900 3538 990 3591 dieser
1005 3533 1082 3590 Rode
1101 3533 1149 3598 sei,
1168 3530 1201 3584 da
1216 3529 1244 3600 ja
1257 3527 1328 3581 'dia-

174 3632 218 3672 ser
246 3619 330 3675 selbot
357 3621 427 3676 auch
455 3625 620 3682 auderutrts
652 3642 798 3699 genugsarn
827 3628 1002 3685 aibertreibta«
1050 3624 1125 3678 Idem
1155 3618 1269 3693 quadrat
1294 3615 1328 3701 ad

172 3707 376 3782 ussfflffl

227 3798 256 3868 2)
275 3799 359 3854 vetuti
387 3801 422 3857 do
447 3820 471 3857 a.
491 3806 534 3871 17,
560 3807 590 3878 S.
610 3806 654 3873 37,
681 3825 708 3879 p.
727 3807 780 3863 357
803 3807 860 3880 jam
883 3825 968 3880 cupra
994 3803 1167 3865 monuimm3
1197 3797 1232 3853 et.
1248 3796 1327 3851 etiam

172 3885 494 3960 owsssuw.

226 3973 253 4045 3)
272 3975 345 4046 quod
371 3978 654 4047 postulationum
681 4001 742 4057 pag.
761 3983 801 4057 L[;
832 3985 866 4039 ct.
891 3985 971 4040 etiam
996 3981 1098 4049 Worr,
1128 3975 1214 4032 Praei.
1234 3975 1267 4029 ad
1287 3990 1327 4028 or.

171 4060 295 4119 Marcell.
316 4080 344 4136 p.·
359 4062 420 4120 XV.

591 4198 929 4227 -,.....*..-.,
